<?xml version="1.0" encoding="UTF-8"?><collection xmlns="http://www.loc.gov/MARC21/slim"><record><leader>00641nam--2200205-i-4500</leader><controlfield tag="001">000027789</controlfield><controlfield tag="002">20161230</controlfield><controlfield tag="005">20161230201037</controlfield><controlfield tag="008">060222s1000------------r-----000-0-ita-d</controlfield><datafield ind1=" " ind2=" " tag="040"><subfield code="a">IFIN-HH</subfield></datafield><datafield ind1=" " ind2=" " tag="041"><subfield code="a">ita</subfield></datafield><datafield ind1=" " ind2=" " tag="080"><subfield code="a">53</subfield></datafield><datafield ind1="1" ind2=" " tag="100"><subfield code="a">Heisenberg, W</subfield></datafield><datafield ind1="1" ind2="0" tag="245"><subfield code="a">Discussione sulla fisica moderna. quattro conferenze organizatee dalle renscontres internationales de geneve</subfield><subfield code="c">W. heisenberg, erwin schrodinger, max born, pierre auger</subfield></datafield><datafield ind1=" " ind2=" " tag="260"><subfield code="a">Torino</subfield><subfield code="b">Paolo Boringhieri</subfield><subfield code="c">1959</subfield></datafield><datafield ind1=" " ind2=" " tag="300"><subfield code="a">131P</subfield></datafield><datafield ind1=" " ind2=" " tag="490"><subfield code="a">Biblioteca Di Cultura Scientifica</subfield></datafield><datafield ind1="1" ind2=" " tag="700"><subfield code="a">Auger, Pierre</subfield></datafield><datafield ind1=" " ind2=" " tag="852"><subfield code="a">14280</subfield><subfield code="c">53.01</subfield></datafield><datafield ind1=" " ind2=" " tag="CAT"><subfield code="a">Sys</subfield><subfield code="c">20151012</subfield><subfield code="h">154002</subfield></datafield></record></collection>